<record><leader>00000cas a22000007a 4500</leader><controlfield tag="001">11701624</controlfield><controlfield tag="008">850215d18621909vauwr ne      0    0eng d</controlfield><datafield ind1=" " ind2=" " tag="010"><subfield code="a">sn 85025367 </subfield></datafield><datafield ind1=" " ind2=" " tag="040"><subfield code="a">NPX</subfield><subfield code="b">eng</subfield><subfield code="c">NPX</subfield><subfield code="d">NPU</subfield><subfield code="d">DLC</subfield><subfield code="d">NVK</subfield><subfield code="d">MGN</subfield><subfield code="d">NVK</subfield><subfield code="d">OCL</subfield><subfield code="d">NVK</subfield><subfield code="d">OCLCF</subfield><subfield code="d">OCLCO</subfield></datafield><datafield ind1="1" ind2=" " tag="029"><subfield code="a">AU@</subfield><subfield code="b">000025819551</subfield></datafield><datafield ind1=" " ind2=" " tag="042"><subfield code="a">msc</subfield></datafield><datafield ind1="0" ind2="0" tag="050"><subfield code="a">Newspaper 10145</subfield></datafield><datafield ind1="0" ind2=" " tag="130"><subfield code="a">Wytheville dispatch (Wytheville, Va. : 1862)</subfield></datafield><datafield ind1="0" ind2="0" tag="245"><subfield code="a">Wytheville dispatch.</subfield></datafield><datafield ind1=" " ind2=" " tag="260"><subfield code="a">Hillsville, Va. :</subfield><subfield code="b">D.A. St. Clair,</subfield><subfield code="c">1862-</subfield></datafield><datafield ind1=" " ind2=" " tag="300"><subfield code="a">v.</subfield></datafield><datafield ind1=" " ind2=" " tag="310"><subfield code="a">Weekly</subfield></datafield><datafield ind1=" " ind2=" " tag="321"><subfield code="a">Semiweekly,</subfield><subfield code="b">Jul. 1862-Jul. 1863</subfield></datafield><datafield ind1="0" ind2=" " tag="362"><subfield code="a">Vol. 1, no. 1 (Jul. 16, 1862)-</subfield></datafield><datafield ind1="1" ind2=" " tag="362"><subfield code="a">Ceased in 1909.</subfield></datafield><datafield ind1=" " ind2=" " tag="500"><subfield code="a">Published at Wytheville, 1862-1863; at Hillsville, &lt;1864-Feb. 17, 1865&gt;; at Wytheville, 1865-1909.</subfield></datafield><datafield ind1=" " ind2=" " tag="500"><subfield code="a">In publisher's block it calls itself a semi-weekly, but by Nov. 1863, according to numbering, it was published weekly.</subfield></datafield><datafield ind1=" " ind2=" " tag="530"><subfield code="a">Also available on microfilm from the University of Virginia and from the Library of Virginia and OCLC Preservation Resources.</subfield></datafield><datafield ind1=" " ind2="0" tag="651"><subfield code="a">Hillsville (Va.)</subfield><subfield code="v">Newspapers.</subfield></datafield><datafield ind1=" " ind2="0" tag="651"><subfield code="a">Wytheville (Va.)</subfield><subfield code="v">Newspapers.</subfield></datafield><datafield ind1=" " ind2="7" tag="655"><subfield code="a">Newspapers.</subfield><subfield code="2">fast</subfield><subfield code="0">(OCoLC)fst01423814</subfield></datafield><datafield ind1=" " ind2="7" tag="651"><subfield code="a">Virginia</subfield><subfield code="z">Hillsville.</subfield><subfield code="2">fast</subfield><subfield code="0">(OCoLC)fst01271742</subfield></datafield><datafield ind1=" " ind2="7" tag="651"><subfield code="a">Virginia</subfield><subfield code="z">Wytheville.</subfield><subfield code="2">fast</subfield><subfield code="0">(OCoLC)fst01222310</subfield></datafield><datafield ind1=" " ind2=" " tag="752"><subfield code="a">United States</subfield><subfield code="b">Virginia</subfield><subfield code="c">Wythe</subfield><subfield code="d">Wytheville.</subfield></datafield><datafield ind1=" " ind2=" " tag="752"><subfield code="a">United States</subfield><subfield code="b">Virginia</subfield><subfield code="c">Carroll</subfield><subfield code="d">Hillsville.</subfield></datafield><datafield ind1="0" ind2="5" tag="785"><subfield code="t">South West Virginia enterprise</subfield><subfield code="w">(DLC)sn 85026935</subfield></datafield><datafield ind1="4" ind2="1" tag="856"><subfield code="u">http://www.virginiachronicle.com/</subfield></datafield></record>